10400000         2105573210001450000000000000000000002853327246600000000N G DE OLIVEIRA ME            C ECON FEDERAL                          22802201404582300037804000000                    RETORNO-PRODUCAO                  000            
10400011T0100030 20105573210001450000000000000000000002853327246600000000N G DE OLIVEIRA ME                                                                                            00000378280220140000000000                          00   
1040001300001T 060000002724660000000   1491000000000183371               10032014000000000021000000028530                         090000000000000000                                                  000000000000161020101                     
1040001300002U 06000000000000000000000000001000000000000000000000000000000000000000000020000000000000020000000000000000000000000000000000280220140503201400000503201400000000000000000000000000000000000000000000000000000000000000000000       
1040001300003T 060000002724660000000   1491000000000306981               10032014000000000021000000028530                         090000000000000000                                                  000000000000161020101                     
1040001300004U 06000000000000000000000000001000000000000000000000000000000000000000000020000000000000020000000000000000000000000000000000280220140503201400000503201400000000000000000000000000000000000000000000000000000000000000000000       
1040001300005T 060000002724660000000   249100000000040721100000000000000010032014000000000021000000045720000000000000000          090000000000000000                                                  000000000000149060101                     
1040001300006U 06000000000000000000000000001000000000000000000000000000000000000000000020000000000000020000000000000000000000000000000000280220140503201400000503201400000000000000000000000000000000000000000000000000000000000000000000       
1040001300007T 280000002724660000000                     0               00000000000000000000000000000000                         000000000000000000                                                  0000000000000520000000000                 
1040001300008U 280000000000000000000000000000000000000000000000000000000000000000000000000000000000000000000000000000000000000000000000002802201400000000000028022014000000000000000                              000                           
10400015         00001000000000000000000000000000000000000000000000000000000000000000000000000000000000000000000000                                                                                                                             
10499999         000001000012                                                                                                                                                                                                                   
